<marcxml:record xmlns:marcxml="http://www.loc.gov/MARC21/slim" xmlns:idx="info:lc/xq-modules/lcindex" xmlns:madsrdf="http://www.loc.gov/mads/rdf/v1#" xmlns:ri="http://id.loc.gov/ontologies/RecordInfo#" xmlns:xlink="http://www.w3.org/1999/xlink" xmlns:rdf="http://www.w3.org/1999/02/22-rdf-syntax-ns#" xmlns:mets="http://www.loc.gov/METS/" xmlns:semtriples="http://marklogic.com/semantic" xmlns:xsi="http://www.w3.org/2001/XMLSchema-instance" xmlns:streams="info:lc/streams#">
            <marcxml:leader>01594nz  a2200301n  4500</marcxml:leader>
            <marcxml:controlfield tag="001">sh97006317</marcxml:controlfield>
            <marcxml:controlfield tag="003">DLC</marcxml:controlfield>
            <marcxml:controlfield tag="005">19970930102900.1</marcxml:controlfield>
            <marcxml:controlfield tag="008">970818|| anannbab|          |a ana |||  </marcxml:controlfield>
            <marcxml:datafield tag="010" ind1=" " ind2=" ">
              <marcxml:subfield code="a">sh 97006317 </marcxml:subfield>
            </marcxml:datafield>
            <marcxml:datafield tag="040" ind1=" " ind2=" ">
              <marcxml:subfield code="a">DLC</marcxml:subfield>
              <marcxml:subfield code="c">DLC</marcxml:subfield>
            </marcxml:datafield>
            <marcxml:datafield tag="110" ind1="2" ind2="0">
              <marcxml:subfield code="a">Temple of Sobek and Haroeris (Ombos)</marcxml:subfield>
            </marcxml:datafield>
            <marcxml:datafield tag="410" ind1="2" ind2="0">
              <marcxml:subfield code="a">Haroeris, Temple of (Ombos)</marcxml:subfield>
            </marcxml:datafield>
            <marcxml:datafield tag="410" ind1="2" ind2="0">
              <marcxml:subfield code="a">Kawn Umbū, Maʻbad (Ombos)</marcxml:subfield>
            </marcxml:datafield>
            <marcxml:datafield tag="410" ind1="2" ind2="0">
              <marcxml:subfield code="a">Kom Ombo, Temple of (Ombos)</marcxml:subfield>
            </marcxml:datafield>
            <marcxml:datafield tag="410" ind1="2" ind2="0">
              <marcxml:subfield code="a">Maʻbad Kawn Umbū (Ombos)</marcxml:subfield>
            </marcxml:datafield>
            <marcxml:datafield tag="410" ind1="2" ind2="0">
              <marcxml:subfield code="a">Sobek and Haroeris, Temple of (Ombos)</marcxml:subfield>
            </marcxml:datafield>
            <marcxml:datafield tag="410" ind1="2" ind2="0">
              <marcxml:subfield code="a">Suchos and Haroeris, Temple of (Ombos)</marcxml:subfield>
            </marcxml:datafield>
            <marcxml:datafield tag="410" ind1="2" ind2="0">
              <marcxml:subfield code="a">Temple of Kom Ombo (Ombos)</marcxml:subfield>
            </marcxml:datafield>
            <marcxml:datafield tag="410" ind1="2" ind2="0">
              <marcxml:subfield code="a">Temple of Suchos and Haroeris (Ombos)</marcxml:subfield>
            </marcxml:datafield>
            <marcxml:datafield tag="551" ind1=" " ind2="0">
              <marcxml:subfield code="w">g</marcxml:subfield>
              <marcxml:subfield code="a">Egypt</marcxml:subfield>
              <marcxml:subfield code="x">Antiquities</marcxml:subfield>
            </marcxml:datafield>
            <marcxml:datafield tag="550" ind1=" " ind2="0">
              <marcxml:subfield code="w">g</marcxml:subfield>
              <marcxml:subfield code="a">Temples</marcxml:subfield>
              <marcxml:subfield code="z">Egypt</marcxml:subfield>
            </marcxml:datafield>
            <marcxml:datafield tag="670" ind1=" " ind2=" ">
              <marcxml:subfield code="a">Work cat.: 95-961418: Gutbub, Adolphe. Kôm Ombo : les inscription du naos : sanctuaires, salle de l'ennéade, salle des offrandes, couloir mystérieux, 1995-.</marcxml:subfield>
            </marcxml:datafield>
            <marcxml:datafield tag="670" ind1=" " ind2=" ">
              <marcxml:subfield code="a">BGN gazetteer Egypt</marcxml:subfield>
              <marcxml:subfield code="b">(Maʻbad Kawn Umbū, 24⁰27ʹN, 32⁰55ʹE; with ref. from  Kom Ombo, Temple of)</marcxml:subfield>
            </marcxml:datafield>
            <marcxml:datafield tag="670" ind1=" " ind2=" ">
              <marcxml:subfield code="a">Baines. Atlas of ancient Egypt:</marcxml:subfield>
              <marcxml:subfield code="b">p.74 (Temple of Sobek and Haroeris at Kom Ombo)</marcxml:subfield>
            </marcxml:datafield>
            <marcxml:datafield tag="670" ind1=" " ind2=" ">
              <marcxml:subfield code="a">Britannica Micro:</marcxml:subfield>
              <marcxml:subfield code="b">v. 6, p. 1772 (A short distance SSE of modern Kawn Umbū lies ancient Ombos, known for its double temple dedicated to Sebek (Suchos) ... and  Horus.)</marcxml:subfield>
            </marcxml:datafield>
            <marcxml:datafield tag="670" ind1=" " ind2=" ">
              <marcxml:subfield code="a">Baedeker's Egypt:</marcxml:subfield>
              <marcxml:subfield code="b">p. 224 (Temple of Suchos and Haroeris, temple complex of ancient Ombos)</marcxml:subfield>
            </marcxml:datafield>
            <marcxml:datafield tag="670" ind1=" " ind2=" ">
              <marcxml:subfield code="a">Princeton encyc. classic. sites:</marcxml:subfield>
              <marcxml:subfield code="b">p. 652 (Ombos, a city on East bank Nile...its Graeco-Roman Temple...is a double building dedicated to the cult of two gods, Sobek and Haroeris)</marcxml:subfield>
            </marcxml:datafield>
          </marcxml:record>
